@misc{CodigoSite,
   author = {Goncalo Moreno up201503871, Jo√£o Almeida},
   title =  {Oolong PLOG},
   year = {2017},
   howpublished = {http://www.fe.up.pt},
   note = {Online em Setembro 2011}
}

@BOOK{CodigoLivro,
   author = {Donald E. Knuth},
   title= {The {{\TeX}book}},
   publisher = {Addison-Wesley},
   year = {1984}
}

% ver formatacoes em http://en.wikibooks.org/wiki/LaTeX/Bibliography_Management ou http://en.wikipedia.org/wiki/BibTeX ou noutro site